<?xml version="1.0" encoding="UTF-8"?><collection xmlns="http://www.loc.gov/MARC21/slim"><record><leader>00529nam--2200169-u-4500</leader><controlfield tag="001">000054432</controlfield><controlfield tag="002">20161230</controlfield><controlfield tag="005">20170123234855</controlfield><controlfield tag="008">111209s1000------------r-----000-0-eng-d</controlfield><datafield ind1=" " ind2=" " tag="040"><subfield code="a">IFIN-HH</subfield></datafield><datafield ind1=" " ind2=" " tag="080"><subfield code="a">539.12(061.3)</subfield></datafield><datafield ind1="1" ind2=" " tag="100"><subfield code="a">Ajduk, Z</subfield></datafield><datafield ind1="1" ind2="0" tag="245"><subfield code="a">Proceedings of the VIII Warsaw Symposium on elementary particle physics, Kazimierz, Poland, May 26 - June 1, 1985</subfield><subfield code="c">Z. Ajduk (ed.)</subfield></datafield><datafield ind1=" " ind2=" " tag="260"><subfield code="a">Warszawa</subfield><subfield code="b">Institute Of Theoretical Physics</subfield><subfield code="c">1985</subfield></datafield><datafield ind1=" " ind2=" " tag="300"><subfield code="a">692 p</subfield></datafield><datafield ind1=" " ind2=" " tag="852"><subfield code="a">70471</subfield><subfield code="c">539.12</subfield></datafield><datafield ind1=" " ind2=" " tag="CAT"><subfield code="a">SYS</subfield><subfield code="c">20170123</subfield><subfield code="h">234855</subfield></datafield></record></collection>